<record><leader>02024pam a2200409 i 4500</leader><controlfield tag="001">6785882</controlfield><controlfield tag="003">OCoLC</controlfield><controlfield tag="005">20150202154331.0</controlfield><controlfield tag="008">140908s2015    nyu      b    001 0 eng  </controlfield><datafield ind1=" " ind2=" " tag="010"><subfield code="a">  2014033045</subfield></datafield><datafield ind1=" " ind2=" " tag="020"><subfield code="a">9781623564636 (hardback : alk. paper)</subfield></datafield><datafield ind1=" " ind2=" " tag="020"><subfield code="a">1623564638 (hardback : alk. paper)</subfield></datafield><datafield ind1=" " ind2=" " tag="020"><subfield code="z">9781623562106 (ePub)</subfield></datafield><datafield ind1=" " ind2=" " tag="020"><subfield code="z">9781623561406 (ePDF)</subfield></datafield><datafield ind1=" " ind2=" " tag="035"><subfield code="a">ocn873762442</subfield></datafield><datafield ind1=" " ind2=" " tag="039"><subfield code="a">exclude</subfield></datafield><datafield ind1=" " ind2=" " tag="040"><subfield code="a">DLC</subfield><subfield code="b">eng</subfield><subfield code="e">rda</subfield><subfield code="c">DLC</subfield><subfield code="d">YDXCP</subfield><subfield code="d">BTCTA</subfield><subfield code="d">BDX</subfield><subfield code="d">OCLCO</subfield><subfield code="d">OCLCF</subfield><subfield code="d">AEU</subfield></datafield><datafield ind1=" " ind2=" " tag="042"><subfield code="a">pcc</subfield></datafield><datafield ind1=" " ind2=" " tag="043"><subfield code="a">n-us---</subfield></datafield><datafield ind1="0" ind2="0" tag="050"><subfield code="a">PN1992.6</subfield><subfield code="b">.W58 2015</subfield></datafield><datafield ind1="0" ind2="0" tag="082"><subfield code="a">791.45/750973</subfield><subfield code="2">23</subfield></datafield><datafield ind1=" " ind2=" " tag="090"><subfield code="a">PN1992.6 .W58 2015</subfield><subfield code="b">AEGMCT</subfield></datafield><datafield ind1="1" ind2=" " tag="100"><subfield code="a">Williams, Rebecca,</subfield><subfield code="e">author.</subfield></datafield><datafield ind1="1" ind2="0" tag="245"><subfield code="a">Post-object fandom :</subfield><subfield code="b">television, identity and self-narrative /</subfield><subfield code="c">Rebecca Williams.</subfield></datafield><datafield ind1=" " ind2="1" tag="264"><subfield code="a">New York :</subfield><subfield code="b">Bloomsbury Academic, an imprint of Bloomsbury Publishing Inc.,</subfield><subfield code="c">2015.</subfield></datafield><datafield ind1=" " ind2=" " tag="300"><subfield code="a">235 pages ;</subfield><subfield code="c">24 cm</subfield></datafield><datafield ind1=" " ind2=" " tag="336"><subfield code="a">text</subfield><subfield code="b">txt</subfield><subfield code="2">rdacontent</subfield></datafield><datafield ind1=" " ind2=" " tag="337"><subfield code="a">unmediated</subfield><subfield code="b">n</subfield><subfield code="2">rdamedia</subfield></datafield><datafield ind1=" " ind2=" " tag="338"><subfield code="a">volume</subfield><subfield code="b">nc</subfield><subfield code="2">rdacarrier</subfield></datafield><datafield ind1=" " ind2=" " tag="504"><subfield code="a">Includes bibliographical references (pages 207-226) and index.</subfield></datafield><datafield ind1="0" ind2=" " tag="505"><subfield code="a">Introduction: the beginning of the end -- Ontological security, self-identity and post-object fandom -- Departures, deaths and replacements: when characters leave -- "The constant in my life": the reiteration discourse -- "Turning off the life support": the rejection discourse -- Moving on?: the renegotiation discourse -- "Living in DVD-land": post-object fandom, re-watching and digital media -- Continuing the show: interim fandom, resurrections and fan-created texts -- Conclusion: immortal fandom.</subfield></datafield><datafield ind1=" " ind2=" " tag="596"><subfield code="a">29</subfield></datafield><datafield ind1=" " ind2="0" tag="650"><subfield code="a">Television programs</subfield><subfield code="z">United States</subfield><subfield code="x">Psychological aspects.</subfield></datafield><datafield ind1=" " ind2="0" tag="650"><subfield code="a">Television viewers</subfield><subfield code="z">United States</subfield><subfield code="x">Psychology.</subfield></datafield><datafield ind1=" " ind2=" " tag="949"><subfield code="a">PN1992.6 .W58 2015</subfield><subfield code="h">GMCT-OS-B</subfield><subfield code="i">1007439217</subfield><subfield code="p">146.57</subfield><subfield code="k">AVAIL_SOON</subfield></datafield><datafield ind1=" " ind2=" " tag="019"><subfield code="a">873726195</subfield></datafield><datafield ind1=" " ind2=" " tag="926"><subfield code="a">PN1992.6 .W58 2015</subfield><subfield code="w">LC</subfield><subfield code="c">1</subfield><subfield code="i">1007439217</subfield><subfield code="d">12/6/2016</subfield><subfield code="e">11/18/2016</subfield><subfield code="l">ON_SHELF</subfield><subfield code="m">GR_MACEWAN</subfield><subfield code="n">9</subfield><subfield code="p">$146.57</subfield><subfield code="r">Y</subfield><subfield code="s">Y</subfield><subfield code="t">BOOK</subfield><subfield code="u">2/10/2015</subfield></datafield></record>